@article{uwb2016,
  title = {Ultra wideband indoor positioning technologies: Analysis and recent advances},
  author = {Alarifi, Abdulrahman and Al-Salman, AbdulMalik and Alsaleh, Mansour and Alnafessah, Ahmad and Al-Hadhrami, Suheer and Al-Ammar, Mai A and Al-Khalifa, Hend S},
  journal = {Sensors},
  volume = {16},
  number = {5},
  pages = {707},
  year = {2016},
  publisher = {Multidisciplinary Digital Publishing Institute}
}

@article{developer_guide2012,
	title = {{Developer Guide SDK 2.0}},
	author = {Piskorski, S and Brulez, N and Eline, P and D'Haeyer, F},
	month = {March},
	pages = {124},
	year = {2012}
}
